<?xml version="1.0" encoding="UTF-8"?><record xmlns="http://www.loc.gov/MARC21/slim" xmlns:cinclude="http://apache.org/cocoon/include/1.0" xmlns:zs="http://www.loc.gov/zing/srw/">
  <leader>00531nz  a2200133n  4500</leader>
  <controlfield tag="001">n  85095925 </controlfield>
  <controlfield tag="003">DLC</controlfield>
  <controlfield tag="005">19850613111022.4</controlfield>
  <controlfield tag="008">850506n| acannaab|          |n aaa |||  </controlfield>
  <datafield tag="010" ind1=" " ind2=" ">
    <subfield code="a">n  85095925 </subfield>
  </datafield>
  <datafield tag="040" ind1=" " ind2=" ">
    <subfield code="a">DLC</subfield>
    <subfield code="c">DLC</subfield>
    <subfield code="d">DLC</subfield>
  </datafield>
  <datafield tag="100" ind1="1" ind2="0">
    <subfield code="a">Kokubo, Tadashi,</subfield>
    <subfield code="d">1939-</subfield>
  </datafield>
  <datafield tag="670" ind1=" " ind2=" ">
    <subfield code="a">His microstructure of ceramics fabricated by unidirectional solidification, 1984:</subfield>
    <subfield code="b">NACO sheet t.p. (Tadashi Kokubo)</subfield>
  </datafield>
  <datafield tag="670" ind1=" " ind2=" ">
    <subfield code="a">Kenkyūsha sōran, shizen, 1979:</subfield>
    <subfield code="b">p. 1904 (Kokubo Tadashi; b. 12/1/39; Eng. D.; memb., Nihon Kagakkai; asst. prof., Kyōto Daigaku)</subfield>
  </datafield>
</record>